{"scraped_at_unix":1772598215,"scraped_at_iso":"2026-03-04T04:23:35.629485+00:00","endpoint":"trades","environment":"prod","duration_ms":308,"data":{"cursor":"EhIKEPDsTRWIeUL327TRBiBE8jEaDAjH557NBhCY2qOYAw","trades":[{"count":250,"count_fp":"250.00","created_time":"2026-03-04T04:23:35.856223Z","no_price":14,"no_price_dollars":"0.1400","price":0.86,"taker_side":"no","ticker":"KXNCAAMBGAME-26MAR03VANMISS-VAN","trade_id":"f0ec4d15-8879-42f7-dbb4-d1062044f231","yes_price":86,"yes_price_dollars":"0.8600"}]}}
{"scraped_at_unix":1772598228,"scraped_at_iso":"2026-03-04T04:23:48.598150+00:00","endpoint":"trades","environment":"prod","duration_ms":234,"data":{"cursor":"EhIKEIo9lbGC32vAoSvhPCL-1-oaDAjU557NBhCApqzyAg","trades":[{"count":118,"count_fp":"118.00","created_time":"2026-03-04T04:23:48.776672Z","no_price":16,"no_price_dollars":"0.1600","price":0.84,"taker_side":"no","ticker":"KXBTCD-26MAR0400-T67249.99","trade_id":"8a3d95b1-82df-6bc0-a12b-e13c22fed7ea","yes_price":84,"yes_price_dollars":"0.8400"}]}}
{"scraped_at_unix":1772598554,"scraped_at_iso":"2026-03-04T04:29:14.410661+00:00","endpoint":"trades","environment":"prod","duration_ms":313,"data":{"cursor":"EhIKEEuIHuAEUmfNZH2_5sUXHFwaDAia6p7NBhDIqfKxAQ","trades":[{"count":9,"count_fp":"9.00","created_time":"2026-03-04T04:29:14.624257Z","no_price":61,"no_price_dollars":"0.6100","price":0.39,"taker_side":"yes","ticker":"KXNHLTOTAL-26MAR03DALCGY-7","trade_id":"d58a23d5-a508-7441-b941-5da45d86a76f","yes_price":39,"yes_price_dollars":"0.3900"},{"count":10,"count_fp":"10.00","created_time":"2026-03-04T04:29:14.610045Z","no_price":22,"no_price_dollars":"0.2200","price":0.78,"taker_side":"yes","ticker":"KXNBAGAME-26MAR03NOPLAL-LAL","trade_id":"427297b3-7c3b-7aac-f3bd-8aa4ea3c78cb","yes_price":78,"yes_price_dollars":"0.7800"},{"count":3,"count_fp":"3.00","created_time":"2026-03-04T04:29:14.428914Z","no_price":81,"no_price_dollars":"0.8100","price":0.19,"taker_side":"yes","ticker":"KXNEXTTEAMNFL-26MCROSBY-DAL","trade_id":"e82f14a5-0de9-4b9e-5c01-7c413ca417b2","yes_price":19,"yes_price_dollars":"0.1900"},{"count":7,"count_fp":"7.00","created_time":"2026-03-04T04:29:14.428914Z","no_price":72,"no_price_dollars":"0.7200","price":0.28,"taker_side":"yes","ticker":"KXNEXTTEAMNFL-26MCROSBY-DAL","trade_id":"8f2741f9-19f7-4838-7bc9-bc0030ce198f","yes_price":28,"yes_price_dollars":"0.2800"},{"count":1,"count_fp":"1.00","created_time":"2026-03-04T04:29:14.428914Z","no_price":81,"no_price_dollars":"0.8100","price":0.19,"taker_side":"yes","ticker":"KXNEXTTEAMNFL-26MCROSBY-DAL","trade_id":"5b7b5dd8-c415-4d24-6e66-8c979a526f99","yes_price":19,"yes_price_dollars":"0.1900"},{"count":83,"count_fp":"83.00","created_time":"2026-03-04T04:29:14.428914Z","no_price":81,"no_price_dollars":"0.8100","price":0.19,"taker_side":"yes","ticker":"KXNEXTTEAMNFL-26MCROSBY-DAL","trade_id":"4f5ae049-8206-4776-5c96-ad563c1d5133","yes_price":19,"yes_price_dollars":"0.1900"},{"count":2,"count_fp":"2.00","created_time":"2026-03-04T04:29:14.428914Z","no_price":81,"no_price_dollars":"0.8100","price":0.19,"taker_side":"yes","ticker":"KXNEXTTEAMNFL-26MCROSBY-DAL","trade_id":"2b7d26ea-2d77-4253-719d-f340c8b00785","yes_price":19,"yes_price_dollars":"0.1900"},{"count":47,"count_fp":"47.00","created_time":"2026-03-04T04:29:14.415104Z","no_price":80,"no_price_dollars":"0.8010","price":0.19,"taker_side":"yes","ticker":"KXMVECROSSCATEGORY-S20269028F09491E-0E9B85233FA","trade_id":"8a341999-9388-455f-25e5-75c00bce5002","yes_price":19,"yes_price_dollars":"0.1990"},{"count":177,"count_fp":"177.00","created_time":"2026-03-04T04:29:14.373069Z","no_price":98,"no_price_dollars":"0.9800","price":0.02,"taker_side":"no","ticker":"KXIPOSPACEX-26MAY01","trade_id":"fd7311ea-8391-6b37-61ac-7751d3974731","yes_price":2,"yes_price_dollars":"0.0200"},{"count":58,"count_fp":"58.00","created_time":"2026-03-04T04:29:14.373069Z","no_price":98,"no_price_dollars":"0.9800","price":0.02,"taker_side":"no","ticker":"KXIPOSPACEX-26MAY01","trade_id":"e8d4e252-7c16-66a5-69d6-a77030abc8c3","yes_price":2,"yes_price_dollars":"0.0200"},{"count":19,"count_fp":"19.00","created_time":"2026-03-04T04:29:14.373069Z","no_price":95,"no_price_dollars":"0.9500","price":0.05,"taker_side":"no","ticker":"KXIPOSPACEX-26MAY01","trade_id":"e628e341-a30f-6d0b-562b-4cb734594165","yes_price":5,"yes_price_dollars":"0.0500"},{"count":40,"count_fp":"40.00","created_time":"2026-03-04T04:29:14.373069Z","no_price":95,"no_price_dollars":"0.9500","price":0.05,"taker_side":"no","ticker":"KXIPOSPACEX-26MAY01","trade_id":"dacac234-746e-6661-566b-8559879df150","yes_price":5,"yes_price_dollars":"0.0500"},{"count":2,"count_fp":"2.00","created_time":"2026-03-04T04:29:14.373069Z","no_price":94,"no_price_dollars":"0.9400","price":0.06,"taker_side":"no","ticker":"KXIPOSPACEX-26MAY01","trade_id":"d042b144-d677-6830-4a55-99edd460902e","yes_price":6,"yes_price_dollars":"0.0600"},{"count":4,"count_fp":"4.00","created_time":"2026-03-04T04:29:14.373069Z","no_price":93,"no_price_dollars":"0.9300","price":0.07,"taker_side":"no","ticker":"KXIPOSPACEX-26MAY01","trade_id":"cf2fab7d-38c2-682e-62af-5cbd5101a919","yes_price":7,"yes_price_dollars":"0.0700"},{"count":36,"count_fp":"36.00","created_time":"2026-03-04T04:29:14.373069Z","no_price":95,"no_price_dollars":"0.9500","price":0.05,"taker_side":"no","ticker":"KXIPOSPACEX-26MAY01","trade_id":"c3b6afc1-f762-64b6-7e1d-41fd969e9635","yes_price":5,"yes_price_dollars":"0.0500"},{"count":422,"count_fp":"422.00","created_time":"2026-03-04T04:29:14.373069Z","no_price":97,"no_price_dollars":"0.9700","price":0.03,"taker_side":"no","ticker":"KXIPOSPACEX-26MAY01","trade_id":"bd7df38d-71ad-6c4e-4d48-03d5f7605d2e","yes_price":3,"yes_price_dollars":"0.0300"},{"count":3,"count_fp":"3.00","created_time":"2026-03-04T04:29:14.373069Z","no_price":94,"no_price_dollars":"0.9400","price":0.06,"taker_side":"no","ticker":"KXIPOSPACEX-26MAY01","trade_id":"bc18cae9-0947-674e-682f-05dcceee1468","yes_price":6,"yes_price_dollars":"0.0600"},{"count":12,"count_fp":"12.00","created_time":"2026-03-04T04:29:14.373069Z","no_price":95,"no_price_dollars":"0.9500","price":0.05,"taker_side":"no","ticker":"KXIPOSPACEX-26MAY01","trade_id":"9a1cc936-3587-6c8a-46fe-a126ff6c6365","yes_price":5,"yes_price_dollars":"0.0500"},{"count":2,"count_fp":"2.00","created_time":"2026-03-04T04:29:14.373069Z","no_price":94,"no_price_dollars":"0.9400","price":0.06,"taker_side":"no","ticker":"KXIPOSPACEX-26MAY01","trade_id":"918f0952-5390-6b52-5323-3961db96a2f0","yes_price":6,"yes_price_dollars":"0.0600"},{"count":200,"count_fp":"200.00","created_time":"2026-03-04T04:29:14.373069Z","no_price":97,"no_price_dollars":"0.9700","price":0.03,"taker_side":"no","ticker":"KXIPOSPACEX-26MAY01","trade_id":"90761c92-2c67-60b9-4da4-f85aaec81cec","yes_price":3,"yes_price_dollars":"0.0300"},{"count":9,"count_fp":"9.00","created_time":"2026-03-04T04:29:14.373069Z","no_price":97,"no_price_dollars":"0.9700","price":0.03,"taker_side":"no","ticker":"KXIPOSPACEX-26MAY01","trade_id":"8a7c5c7d-468c-61aa-591d-d929ea626e02","yes_price":3,"yes_price_dollars":"0.0300"},{"count":50,"count_fp":"50.00","created_time":"2026-03-04T04:29:14.373069Z","no_price":97,"no_price_dollars":"0.9700","price":0.03,"taker_side":"no","ticker":"KXIPOSPACEX-26MAY01","trade_id":"7763e6ff-4361-6074-7013-62534e9f6028","yes_price":3,"yes_price_dollars":"0.0300"},{"count":138,"count_fp":"138.00","created_time":"2026-03-04T04:29:14.373069Z","no_price":97,"no_price_dollars":"0.9700","price":0.03,"taker_side":"no","ticker":"KXIPOSPACEX-26MAY01","trade_id":"5863631b-2be5-68a1-62c1-9653bfada5f0","yes_price":3,"yes_price_dollars":"0.0300"},{"count":75,"count_fp":"75.00","created_time":"2026-03-04T04:29:14.373069Z","no_price":94,"no_price_dollars":"0.9400","price":0.06,"taker_side":"no","ticker":"KXIPOSPACEX-26MAY01","trade_id":"56cbb5cd-53fc-6119-4e7b-c4c088d8d3b9","yes_price":6,"yes_price_dollars":"0.0600"},{"count":300,"count_fp":"300.00","created_time":"2026-03-04T04:29:14.373069Z","no_price":98,"no_price_dollars":"0.9800","price":0.02,"taker_side":"no","ticker":"KXIPOSPACEX-26MAY01","trade_id":"4b881ee0-0452-67cd-647d-bfe6c5171c5c","yes_price":2,"yes_price_dollars":"0.0200"}]}}
